@article{disentangled_representations,
  author = {Yun-Ning Hung and Yi-An Chen and Yi-Hsuan Yang},
  title = {Learning Disentangled Representations for Timber and Pitch in Music Audio},
  journal = {Research Center for IT Innovation, Academia Sinica, Taiwan; KKBOX Inc., Taiwan},
  year = {2018}
}

@misc{speech_decomposition,
  author = {Kaizhi Qian and Yang Zhang and Shiyu Chang and David Cox and Mark Hasegawa-Johnson},
  title = {Unsupervised Speech Decomposition via Triple Information Bottleneck},
  year = {2021},
  howpublished = {\url{https://arxiv.org/abs/2004.11284}}
}
